@book { lyah
      , author    = {Miran Lipova\v{c}a}
      , title     = {Learn You a Haskell for Great Good!}
      , publisher = {No Starch Press}
      , year      = {2011}
      , address   = {San Francisco, CA}
      }

@book { landau-analysis
      , author    = {Edmund Landau}
      , title     = {Foundations of Analysis}
      , publisher = {AMS Chelsea Publishing}
      , year      = {1966}
      , address   = {Providence, RI}
      }

@book { expeditions
      , author    = {Reinhard Laubenbacher and David Pengelley}
      , title     = {Mathematical Expeditions}
      , subtitle  = {Chronicles by the Explorers} 
      , publisher = {Springer}
      , year      = {2000}
      , address   = {New York, NY}
      , isbn      = {0-387-98433-9}
      }

@book { axler-linalg
      , author    = {Sheldon Axler}
      , title     = {Linear Algebra Done Right}
      , publisher = {Springer}
      , year      = {1997}
      , address   = {New York, NY}
      , isbn      = {0-387-98258-8}
      }

@book { taylor-analysis
        , title     = {Foundations of Analysis}
        , author    = {Joseph L. Taylor}
        , publisher = {American Mathematical Society}
        , year      = {2012}
        , address   = {Providence, RI}
        , isbn      = {978-0-8218-8984-8}
        }

@book { hungerford
      , author    = {Thomas W. Hungerford}
      , title     = {Algebra}
      , publisher = {Springer}
      , year      = {1974}
      , address   = {New York, NY}
      , isbn      = {0-387-90518-9}
      }

@book { mathstats
      , author    = {Robert V. Hogg, Allen T. Craig}
      , title     = {Introduction to Mathematical Statistics}
      , publisher = {Macmillan}
      , year      = {1978}
      , address   = {New York, NY}
      , isbn      = {0-02-355710-9}
      }

@book { lang-linalg
      , author    = {Serge Lang}
      , title     = {Linear Algebra}
      , publisher = {Springer}
      , year      = {1987}
      , address   = {New York, NY}
      , isbn      = {0-387-96412-6}
      }

@book { reid-commalg
      , author    = {Miles Reid}
      , title     = {Undergraduate Commutative Algebra}
      , publisher = {Cambridge University Press}
      , year      = {1995}
      , address   = {New York, NY}
      , isbn      = {0-821-45889-7}
      }

@book { jech-set-theory
      , author    = {Thomas Jech}
      , title     = {Set Theory}
      , publisher = {Springer}
      , year      = {2003}
      , address   = {New York, NY}
      , isbn      = {3-540-44085-2}
      }

@online { w-godel-incompleteness
        , title   = {G\"odel's incompleteness theorems}
        , url     = {https://en.wikipedia.org/wiki/G%C3%B6del%27s_incompleteness_theorems}
        , urldate = {2015-06-07}
        }

@online { w-godel
        , title   = {Kurt G\"odel}
        , url     = {https://en.wikipedia.org/wiki/Kurt_G%C3%B6del}
        , urldate = {2015-06-07}
        }

@online { savin-number-theory
        , title   = {Numbers, Groups and Cryptography}
        , author  = {Gordan Savin}
        , url     = {http://www.math.utah.edu/~savin/book15.pdf}
        , urldate = {2015-09-09}
        }

@book { hhg
      , author = {Douglas Adams}
      , title = {The Hitchhiker's Guide to the Galaxy}
      , publisher = {Pan Books}
      , address = {London}
      , date = {1979-10-12}
      , isbn = {0-330-25864-8}
      }

@book { princeton
      , author = {Timothy Gowers}
      , title = {The Princeton Companion to Mathematics}
      , publisher = {Princeton University Press}
      , address = {41 William Street, Princeton, NJ 08540}
      , year = 2008
      , isbn = {978-0-691-11880-2}
      }

@article { godel-universe
         , title = {G\"odel's universe}
         , subtitle = {The legacy of one of the greatest thinkers of the twentieth century.}
         , author = {Martin Davis}
         , journal = {Nature}
         , date = {2015-05-05}
         , doi = {10.1038/435019a}
         , url = {http://www.nature.com/nature/journal/v435/n7038/full/435019a.html}
         , urldate = {2015-09-18}
         }